@inproceedings{atva2020,
  author    = {Pranav Ashok and
               Vahid Hashemi and
               Jan Kret{\'{\i}}nsk{\'{y}} and
               Stefanie Mohr},
  editor    = {Dang Van Hung and
               Oleg Sokolsky},
  title     = {DeepAbstract: Neural Network Abstraction for Accelerating Verification},
  booktitle = {Automated Technology for Verification and Analysis - 18th International
               Symposium, {ATVA} 2020, Hanoi, Vietnam, October 19-23, 2020, Proceedings},
  series    = {Lecture Notes in Computer Science},
  volume    = {12302},
  pages     = {92--107},
  publisher = {Springer},
  year      = {2020},
  timestamp = {Sat, 14 Nov 2020 00:56:55 +0100}
}

@inproceedings{cegar00,
  author    = {Edmund M. Clarke and
               Orna Grumberg and
               Somesh Jha and
               Yuan Lu and
               Helmut Veith},
  editor    = {E. Allen Emerson and
               A. Prasad Sistla},
  title     = {Counterexample-Guided Abstraction Refinement},
  booktitle = {Computer Aided Verification, 12th International Conference, {CAV}
               2000, Chicago, IL, USA, July 15-19, 2000, Proceedings},
  series    = {Lecture Notes in Computer Science},
  volume    = {1855},
  pages     = {154--169},
  publisher = {Springer},
  year      = {2000},
  timestamp = {Tue, 14 May 2019 10:00:43 +0200},
  biburl    = {https://dblp.org/rec/conf/cav/ClarkeGJLV00.bib},
  bibsource = {dblp computer science bibliography, https://dblp.org}
}


@inproceedings{reluplex,
  author    = {Guy Katz and
               Clark W. Barrett and
               David L. Dill and
               Kyle Julian and
               Mykel J. Kochenderfer},
  title     = {Reluplex: An Efficient {SMT} Solver for Verifying Deep Neural Networks},
  booktitle = {29th International Conference on Computer Aided Verification (CAV2017)},
  pages     = {97--117},
  year      = {2017},
}

@inproceedings{marabou,
  author    = {Guy Katz and
               Derek A. Huang and
               Duligur Ibeling and
               Kyle Julian and
               Christopher Lazarus and
               Rachel Lim and
               Parth Shah and
               Shantanu Thakoor and
               Haoze Wu and
               Aleksandar Zeljic and
               David L. Dill and
               Mykel J. Kochenderfer and
               Clark W. Barrett},
  editor    = {Isil Dillig and
               Serdar Tasiran},
  title     = {The Marabou Framework for Verification and Analysis of Deep Neural
               Networks},
  booktitle = {Computer Aided Verification - 31st International Conference, {CAV}
               2019, New York City, NY, USA, July 15-18, 2019, Proceedings, Part
               {I}},
  series    = {Lecture Notes in Computer Science},
  volume    = {11561},
  pages     = {443--452},
  publisher = {Springer},
  year      = {2019},
  timestamp = {Fri, 31 Jan 2020 21:32:18 +0100},
  biburl    = {https://dblp.org/rec/conf/cav/KatzHIJLLSTWZDK19.bib},
  bibsource = {dblp computer science bibliography, https://dblp.org}
}

@inproceedings{abstractioncav20,
  author    = {Yizhak Yisrael Elboher and
               Justin Gottschlich and
               Guy Katz},
  editor    = {Shuvendu K. Lahiri and
               Chao Wang},
  title     = {An Abstraction-Based Framework for Neural Network Verification},
  booktitle = {Computer Aided Verification - 32nd International Conference, {CAV}
               2020, Los Angeles, CA, USA, July 21-24, 2020, Proceedings, Part {I}},
  series    = {Lecture Notes in Computer Science},
  volume    = {12224},
  pages     = {43--65},
  publisher = {Springer},
  year      = {2020},
  timestamp = {Wed, 12 Aug 2020 15:15:43 +0200},
  biburl    = {https://dblp.org/rec/conf/cav/ElboherGK20.bib},
  bibsource = {dblp computer science bibliography, https://dblp.org}
}


@inproceedings{LM2017,
	Author = {Lomuscio, Alessio and Maganti, Lalit},
	Title = {An Approach to Reachability Analysis for Feed-Forward {ReLU} Neural Networks},
	Booktitle = {KR2018},
	Year = {2018}}
	
@inproceedings{DBLP:conf/aaai/NarodytskaKRSW18,
  author    = {Nina Narodytska and
               Shiva Prasad Kasiviswanathan and
               Leonid Ryzhyk and
               Mooly Sagiv and
               Toby Walsh},
  editor    = {Sheila A. McIlraith and
               Kilian Q. Weinberger},
  title     = {Verifying Properties of Binarized Deep Neural Networks},
  booktitle = {Proceedings of the Thirty-Second {AAAI} Conference on Artificial Intelligence,
               (AAAI-18), the 30th innovative Applications of Artificial Intelligence
               (IAAI-18), and the 8th {AAAI} Symposium on Educational Advances in
               Artificial Intelligence (EAAI-18), New Orleans, Louisiana, USA, February
               2-7, 2018},
  pages     = {6615--6624},
  publisher = {{AAAI} Press},
  year      = {2018},
  timestamp = {Tue, 23 Oct 2018 06:42:15 +0200},
  biburl    = {https://dblp.org/rec/conf/aaai/NarodytskaKRSW18.bib},
  bibsource = {dblp computer science bibliography, https://dblp.org}
}




@inproceedings{AJJ2014,
	Author = {Nguyen, Anh and Yosinski, Jason and Clune, Jeff},
	Booktitle = {Proceedings of the IEEE Conference on Computer Vision and Pattern Recognition},
	Pages = {427--436},
	Title = {Deep Neural Networks are Easily Fooled: High Confidence Predictions for Unrecognizable Images},
	Year = {2015}}


@inproceedings{CW-Attacks,
  title={Towards evaluating the robustness of neural networks},
  author={Carlini, Nicholas and Wagner, David},
  booktitle={Security and Privacy (SP), 2017 IEEE Symposium on},
  pages={39--57},
  year={2017},
  organization={IEEE}
}

@article{JSMA,
	Author = {Nicolas Papernot and Patrick D. McDaniel and Somesh Jha and Matt Fredrikson and Z. Berkay Celik and Ananthram Swami},
	Bibsource = {dblp computer science bibliography, http://dblp.org},
	Biburl = {http://dblp.uni-trier.de/rec/bib/journals/corr/PapernotMJFCS15},
	Journal = {CoRR},
	Timestamp = {Wed, 07 Jun 2017 14:40:42 +0200},
	Title = {The Limitations of Deep Learning in Adversarial Settings},
	Url = {http://arxiv.org/abs/1511.07528},
	Volume = {abs/1511.07528},
	Year = {2015},
	Bdsk-Url-1 = {http://arxiv.org/abs/1511.07528}}


@inproceedings{RHK2018,
	Author = {Wenjie Ruan and Xiaowei Huang and Marta Kwiatkowska},
	Booktitle = {IJCAI2018},
	Title = {Reachability Analysis of Deep Neural Networks with Provable Guarantees},
	pages = {2651--2659}, 
	Year = {2018}}
	
@inproceedings{DBLP:conf/tacas/WickerHK18,
  author    = {Matthew Wicker and
               Xiaowei Huang and
               Marta Kwiatkowska},
  editor    = {Dirk Beyer and
               Marieke Huisman},
  title     = {Feature-Guided Black-Box Safety Testing of Deep Neural Networks},
  booktitle = {Tools and Algorithms for the Construction and Analysis of Systems
               - 24th International Conference, {TACAS} 2018, Held as Part of the
               European Joint Conferences on Theory and Practice of Software, {ETAPS}
               2018, Thessaloniki, Greece, April 14-20, 2018, Proceedings, Part {I}},
  series    = {Lecture Notes in Computer Science},
  volume    = {10805},
  pages     = {408--426},
  publisher = {Springer},
  year      = {2018},
  timestamp = {Wed, 04 Mar 2020 13:11:44 +0100},
  biburl    = {https://dblp.org/rec/conf/tacas/WickerHK18.bib},
  bibsource = {dblp computer science bibliography, https://dblp.org}
}

@article{DBLP:journals/tcs/WuWRHK20,
  author    = {Min Wu and
               Matthew Wicker and
               Wenjie Ruan and
               Xiaowei Huang and
               Marta Kwiatkowska},
  title     = {A game-based approximate verification of deep neural networks with
               provable guarantees},
  journal   = {Theor. Comput. Sci.},
  volume    = {807},
  pages     = {298--329},
  year      = {2020},
  timestamp = {Fri, 27 Mar 2020 08:39:39 +0100},
  biburl    = {https://dblp.org/rec/journals/tcs/WuWRHK20.bib},
  bibsource = {dblp computer science bibliography, https://dblp.org}
}

@inproceedings{SZSBEGF2014,
title	= {Intriguing properties of neural networks},
author	= {Christian Szegedy and Wojciech Zaremba and Ilya Sutskever and Joan Bruna and Dumitru Erhan and Ian Goodfellow and Rob Fergus},
booktitle	= {International Conference on Learning Representations (ICLR2014)},
year	= {2014}
}


@inproceedings{DBLP:conf/cav/PulinaT10,
  author    = {Luca Pulina and
               Armando Tacchella},
  title     = {An Abstraction-Refinement Approach to Verification of Artificial Neural
               Networks},
  booktitle = {Computer Aided Verification, 22nd International Conference, {CAV}
               2010, Edinburgh, UK, July 15-19, 2010. Proceedings},
  pages     = {243--257},
  year      = {2010},
  timestamp = {Thu, 01 Jun 2017 18:57:43 +0200},
  biburl    = {https://dblp.org/rec/bib/conf/cav/PulinaT10},
  bibsource = {dblp computer science bibliography, https://dblp.org}
}


@inproceedings{DBLP:conf/nips/BastaniILVNC16,
  author    = {Osbert Bastani and
               Yani Ioannou and
               Leonidas Lampropoulos and
               Dimitrios Vytiniotis and
               Aditya V. Nori and
               Antonio Criminisi},
  title     = {Measuring Neural Net Robustness with Constraints},
  booktitle = {Advances in Neural Information Processing Systems 29: Annual Conference
               on Neural Information Processing Systems 2016, December 5-10, 2016,
               Barcelona, Spain},
  pages     = {2613--2621},
  year      = {2016},
  timestamp = {Wed, 12 Apr 2017 15:09:53 +0200},
  biburl    = {https://dblp.org/rec/bib/conf/nips/BastaniILVNC16},
  bibsource = {dblp computer science bibliography, https://dblp.org}
}


@inproceedings{WHK2017,
  title={Feature-guided black-box safety testing of deep neural networks},
  author={Wicker, Matthew and Huang, Xiaowei and Kwiatkowska, Marta},
  booktitle={International Conference on Tools and Algorithms for the Construction and Analysis of Systems (TACAS2018)},
  pages={408--426},
  year={2018},
  organization={Springer}
}


@inproceedings{DBLP:conf/cav/HuangKWW17,
  author    = {Xiaowei Huang and
               Marta Kwiatkowska and
               Sen Wang and
               Min Wu},
  title     = {Safety Verification of Deep Neural Networks},
  booktitle = {29th International Conference on Computer Aided Verification (CAV2017)},
  pages     = {3--29},
  year      = {2017}
}

@article{DBLP:journals/aicom/PulinaT12,
  author    = {Luca Pulina and
               Armando Tacchella},
  title     = {Challenging {SMT} solvers to verify neural networks},
  journal   = {{AI} Commun.},
  volume    = {25},
  number    = {2},
  pages     = {117--135},
  year      = {2012},
  timestamp = {Mon, 05 Jun 2017 12:38:28 +0200},
  biburl    = {https://dblp.org/rec/bib/journals/aicom/PulinaT12},
  bibsource = {dblp computer science bibliography, https://dblp.org}
}

@article{NKPSW2017,
	Author = {Narodytska, Nina and Kasiviswanathan, Shiva Prasad and Ryzhyk, Leonid and Sagiv, Mooly and Walsh, Toby},
	Journal = {arXiv preprint arXiv:1709.06662},
	Title = {Verifying Properties of Binarized Deep Neural Networks},
	Year = {2017}}
	
@inproceedings{DBLP:conf/nfm/DuttaJST18,
  author    = {Souradeep Dutta and
               Susmit Jha and
               Sriram Sankaranarayanan and
               Ashish Tiwari},
  editor    = {Aaron Dutle and
               C{\'{e}}sar A. Mu{\~{n}}oz and
               Anthony Narkawicz},
  title     = {Output Range Analysis for Deep Feedforward Neural Networks},
  booktitle = {{NASA} Formal Methods - 10th International Symposium, {NFM} 2018,
               Newport News, VA, USA, April 17-19, 2018, Proceedings},
  series    = {Lecture Notes in Computer Science},
  volume    = {10811},
  pages     = {121--138},
  publisher = {Springer},
  year      = {2018},
  timestamp = {Wed, 06 Nov 2019 16:45:49 +0100},
  biburl    = {https://dblp.org/rec/conf/nfm/DuttaJST18.bib},
  bibsource = {dblp computer science bibliography, https://dblp.org}
}


@inproceedings{planet,
  author    = {R{\"{u}}diger Ehlers},
  title     = {Formal Verification of Piece-Wise Linear Feed-Forward Neural Networks},
  booktitle = {15th International
               Symposium on Automated Technology for Verification and Analysis (ATVA2017)},
  pages     = {269--286},
  year      = {2017}
}





@inproceedings{DBLP:conf/ijcai/RuanHK18,
  author    = {Wenjie Ruan and
               Xiaowei Huang and
               Marta Kwiatkowska},
  title     = {Reachability Analysis of Deep Neural Networks with Provable Guarantees},
  booktitle = {Proceedings of the Twenty-Seventh International Joint Conference on
               Artificial Intelligence, {IJCAI} 2018, July 13-19, 2018, Stockholm,
               Sweden.},
  pages     = {2651--2659},
  year      = {2018},
  crossref  = {DBLP:conf/ijcai/2018},
  timestamp = {Tue, 10 Jul 2018 18:19:12 +0200},
  biburl    = {https://dblp.org/rec/bib/conf/ijcai/RuanHK18},
  bibsource = {dblp computer science bibliography, https://dblp.org}
}

@inproceedings{DBLP:conf/ijcai/RuanWSHKK19,
  author    = {Wenjie Ruan and
               Min Wu and
               Youcheng Sun and
               Xiaowei Huang and
               Daniel Kroening and
               Marta Kwiatkowska},
  editor    = {Sarit Kraus},
  title     = {Global Robustness Evaluation of Deep Neural Networks with Provable
               Guarantees for the Hamming Distance},
  booktitle = {Proceedings of the Twenty-Eighth International Joint Conference on
               Artificial Intelligence, {IJCAI} 2019, Macao, China, August 10-16,
               2019},
  pages     = {5944--5952},
  publisher = {ijcai.org},
  year      = {2019},
  timestamp = {Fri, 27 Mar 2020 09:00:54 +0100},
  biburl    = {https://dblp.org/rec/conf/ijcai/RuanWSHKK19.bib},
  bibsource = {dblp computer science bibliography, https://dblp.org}
}


@INPROCEEDINGS{AI2,
author = {T. Gehr and M. Mirman and D. Drachsler-Cohen and P. Tsankov and S. Chaudhuri and M. Vechev},
booktitle = {2018 IEEE Symposium on Security and Privacy (S\&P 2018)},
title = {{AI$^2$}: Safety and Robustness Certification of Neural Networks with Abstract Interpretation},
year = {2018},
pages = {948-963}
}

@incollection{HA2017,
title = {Formal Guarantees on the Robustness of a Classifier against Adversarial Manipulation},
author = {Hein, Matthias and Andriushchenko, Maksym},
booktitle = {Advances in Neural Information Processing Systems 30},
editor = {I. Guyon and U. V. Luxburg and S. Bengio and H. Wallach and R. Fergus and S. Vishwanathan and R. Garnett},
pages = {2266--2276},
year = {2017},
publisher = {Curran Associates, Inc.}
}


@INPROCEEDINGS{2018arXiv180110578W,
   author = {{Weng}, T.-W. and {Zhang}, H. and {Chen}, P.-Y. and {Yi}, J. and 
	{Su}, D. and {Gao}, Y. and {Hsieh}, C.-J. and {Daniel}, L.},
    title = "{Evaluating the Robustness of Neural Networks: An Extreme Value Theory Approach}",
 booktitle = {ICLR 2018},
     year = 2018,
    month = Jan
}


@INPROCEEDINGS{fastlin,
   author = {{Weng}, T.-W. and {Zhang}, H. and {Chen}, H. and {Song}, Z. and 
	{Hsieh}, C.-J. and {Boning}, D. and {Dhillon}, I.~S. and {Daniel}, L.
	},
    title = "{Towards Fast Computation of Certified Robustness for ReLU Networks}",
 booktitle = {ICML 2018},
     year = 2018,
    month = Apr,
}

@inproceedings{starset19,
  author    = {Hoang{-}Dung Tran and
               Diego Manzanas Lopez and
               Patrick Musau and
               Xiaodong Yang and
               Luan Viet Nguyen and
               Weiming Xiang and
               Taylor T. Johnson},
  editor    = {Maurice H. ter Beek and
               Annabelle McIver and
               Jos{\'{e}} N. Oliveira},
  title     = {Star-Based Reachability Analysis of Deep Neural Networks},
  booktitle = {Formal Methods - The Next 30 Years - Third World Congress, {FM} 2019,
               Porto, Portugal, October 7-11, 2019, Proceedings},
  series    = {Lecture Notes in Computer Science},
  volume    = {11800},
  pages     = {670--686},
  publisher = {Springer},
  year      = {2019},
  timestamp = {Sat, 12 Oct 2019 12:51:42 +0200},
  biburl    = {https://dblp.org/rec/conf/fm/TranLMYNXJ19.bib},
  bibsource = {dblp computer science bibliography, https://dblp.org}
}

@inproceedings{imagestar20,
  author    = {Hoang{-}Dung Tran and
               Stanley Bak and
               Weiming Xiang and
               Taylor T. Johnson},
  editor    = {Shuvendu K. Lahiri and
               Chao Wang},
  title     = {Verification of Deep Convolutional Neural Networks Using ImageStars},
  booktitle = {Computer Aided Verification - 32nd International Conference, {CAV}
               2020, Los Angeles, CA, USA, July 21-24, 2020, Proceedings, Part {I}},
  series    = {Lecture Notes in Computer Science},
  volume    = {12224},
  pages     = {18--42},
  publisher = {Springer},
  year      = {2020},
  timestamp = {Sat, 05 Sep 2020 17:55:21 +0200},
  biburl    = {https://dblp.org/rec/conf/cav/TranBXJ20.bib},
  bibsource = {dblp computer science bibliography, https://dblp.org}
}

@INPROCEEDINGS{CC1977,
author = {Patrick Cousot and Radhia Cousot},
booktitle = {Fourth ACM Symposium on Principles of Programming Languages (POPL)},
title = {Abstract Interpretation: A Unified Lattice Model for Static Analysis of Programs by Construction or Approximation of Fixpoints},
year = {1977},
pages = {238-252}
}

@article{medicalsystem,
  author    = {Abbas Sheikhtaheri and
               Farahnaz Sadoughi and
               Zahra Hashemi Dehaghi},
  title     = {Developing and Using Expert Systems and Neural Networks in Medicine:
               {A} Review on Benefits and Challenges},
  journal   = {J. Medical Syst.},
  volume    = {38},
  number    = {9},
  pages     = {110},
  year      = {2014},
  timestamp = {Mon, 08 Jun 2020 22:24:09 +0200},
  biburl    = {https://dblp.org/rec/journals/jms/SheikhtaheriSD14.bib},
  bibsource = {dblp computer science bibliography, https://dblp.org}
}

@article{selfdriving,
  author    = {Chris Urmson and
               William Whittaker},
  title     = {Self-Driving Cars and the Urban Challenge},
  journal   = {{IEEE} Intell. Syst.},
  volume    = {23},
  number    = {2},
  pages     = {66--68},
  year      = {2008},
  timestamp = {Fri, 06 Mar 2020 22:01:32 +0100},
  biburl    = {https://dblp.org/rec/journals/expert/UrmsonW08.bib},
  bibsource = {dblp computer science bibliography, https://dblp.org}
}


@article{alphago,
  author    = {David Silver and
               Aja Huang and
               Chris J. Maddison and
               Arthur Guez and
               Laurent Sifre and
               George van den Driessche and
               Julian Schrittwieser and
               Ioannis Antonoglou and
               Vedavyas Panneershelvam and
               Marc Lanctot and
               Sander Dieleman and
               Dominik Grewe and
               John Nham and
               Nal Kalchbrenner and
               Ilya Sutskever and
               Timothy P. Lillicrap and
               Madeleine Leach and
               Koray Kavukcuoglu and
               Thore Graepel and
               Demis Hassabis},
  title     = {Mastering the game of Go with deep neural networks and tree search},
  journal   = {Nature},
  volume    = {529},
  number    = {7587},
  pages     = {484--489},
  year      = {2016},
  timestamp = {Sat, 20 May 2017 00:24:51 +0200},
}

@article{DBLP:journals/corr/abs-1804-10829,
  author    = {Shiqi Wang and
               Kexin Pei and
               Justin Whitehouse and
               Junfeng Yang and
               Suman Jana},
  title     = {Formal Security Analysis of Neural Networks using Symbolic Intervals},
  journal   = {CoRR},
  volume    = {abs/1804.10829},
  year      = {2018},
  url       = {http://arxiv.org/abs/1804.10829},
  archivePrefix = {arXiv},
  eprint    = {1804.10829},
  timestamp = {Wed, 02 May 2018 15:55:01 +0200},
  biburl    = {https://dblp.org/rec/bib/journals/corr/abs-1804-10829},
  bibsource = {dblp computer science bibliography, https://dblp.org}
}


@article{Min17,
  author    = {Antoine Min{\'{e}}},
  title     = {Tutorial on Static Inference of Numeric Invariants by Abstract Interpretation},
  journal   = {Foundations and Trends in Programming Languages},
  volume    = {4},
  number    = {3-4},
  pages     = {120--372},
  year      = {2017}
}


@article{NS04,
 author = {A. Neumaier and O. Shcherbina},
 title = {Safe bounds in linear and mixed-integer linear programming},
 journal = {Math. Program.},
 volume = {99},
 number = {2},
 year = {2004},
 issn = {0025-5610},
 pages = {283--296},
 publisher = {Springer-Verlag New York, Inc.},
 address = {Secaucus, NJ, USA}
 }

@inproceedings{acasxu14,
  author    = {Christian von Essen and
               Dimitra Giannakopoulou},
  editor    = {Erika {\'{A}}brah{\'{a}}m and
               Klaus Havelund},
  title     = {Analyzing the Next Generation Airborne Collision Avoidance System},
  booktitle = {Tools and Algorithms for the Construction and Analysis of Systems
               - 20th International Conference, {TACAS} 2014, Held as Part of the
               European Joint Conferences on Theory and Practice of Software, {ETAPS}
               2014, Grenoble, France, April 5-13, 2014. Proceedings},
  series    = {Lecture Notes in Computer Science},
  volume    = {8413},
  pages     = {620--635},
  publisher = {Springer},
  year      = {2014},
  timestamp = {Tue, 14 May 2019 10:00:53 +0200},
  biburl    = {https://dblp.org/rec/conf/tacas/EssenG14.bib},
  bibsource = {dblp computer science bibliography, https://dblp.org}
}

@inproceedings{acasxu15,
  author    = {Jean{-}Baptiste Jeannin and
               Khalil Ghorbal and
               Yanni Kouskoulas and
               Ryan Gardner and
               Aurora Schmidt and
               Erik Zawadzki and
               Andr{\'{e}} Platzer},
  editor    = {Alain Girault and
               Nan Guan},
  title     = {Formal verification of {ACAS} X, an industrial airborne collision
               avoidance system},
  booktitle = {2015 International Conference on Embedded Software, {EMSOFT} 2015,
               Amsterdam, Netherlands, October 4-9, 2015},
  pages     = {127--136},
  publisher = {{IEEE}},
  year      = {2015},
  timestamp = {Wed, 16 Oct 2019 14:14:56 +0200},
  biburl    = {https://dblp.org/rec/conf/emsoft/JeanninGKGSZP15.bib},
  bibsource = {dblp computer science bibliography, https://dblp.org}
}

@article{DBLP:journals/corr/abs-1810-04240,
  author    = {Kyle D. Julian and
               Mykel J. Kochenderfer and
               Michael P. Owen},
  title     = {Deep Neural Network Compression for Aircraft Collision Avoidance Systems},
  journal   = {CoRR},
  volume    = {abs/1810.04240},
  year      = {2018},
  url       = {http://arxiv.org/abs/1810.04240},
  archivePrefix = {arXiv},
  eprint    = {1810.04240},
  timestamp = {Tue, 30 Oct 2018 20:39:56 +0100},
  biburl    = {https://dblp.org/rec/journals/corr/abs-1810-04240.bib},
  bibsource = {dblp computer science bibliography, https://dblp.org}
}

@article{L1998Gradient,
  title={Gradient-based learning applied to document recognition},
  author={L{\'{e}}cun, Yann and Bottou, Leon and Bengio, Yoshua and Haffner, Patrick},
  journal={Proceedings of the IEEE},
  volume={86},
  number={11},
  pages={2278-2324},
  year={1998}
}

@inproceedings{DBLP:conf/nips/KrizhevskySH12,
  author    = {Alex Krizhevsky and
               Ilya Sutskever and
               Geoffrey E. Hinton},
  title     = {ImageNet Classification with Deep Convolutional Neural Networks},
  booktitle = {Advances in Neural Information Processing Systems 25: 26th Annual
               Conference on Neural Information Processing Systems 2012. Proceedings
               of a meeting held December 3-6, 2012, Lake Tahoe, Nevada, United States.},
  pages     = {1106--1114},
  year      = {2012},
  timestamp = {Thu, 11 Dec 2014 17:34:07 +0100}
}

@article{DBLP:journals/spm/X12a,
author    = {Geoffrey Hinton and
               Li Deng and
               Dong Yu and
               George E. Dahl and
               Abdel-rahman Mohamed and
               Navdeep Jaitly and
               Andrew Senior and
               Vincent Vanhoucke and
               Patrick Nguyen and
               Tara N. Sainath and
               Brian Kingsbury},
  title     = {Deep Neural Networks for Acoustic Modeling in Speech Recognition:
               The Shared Views of Four Research Groups},
  journal   = {{IEEE} Signal Process. Mag.},
  volume    = {29},
  number    = {6},
  pages     = {82--97},
  year      = {2012},
  timestamp = {Wed, 14 Nov 2018 10:43:22 +0100},
  biburl    = {https://dblp.org/rec/bib/journals/spm/X12a},
  bibsource = {dblp computer science bibliography, https://dblp.org}
}

@inproceedings{DBLP:conf/icml/WongK18,
  author    = {Eric Wong and
               J. Zico Kolter},
  title     = {Provable Defenses against Adversarial Examples via the Convex Outer
               Adversarial Polytope},
  booktitle = {Proceedings of the 35th International Conference on Machine Learning,
               {ICML} 2018, Stockholmsm{\"{a}}ssan, Stockholm, Sweden, July
               10-15, 2018},
  pages     = {5283--5292},
  year      = {2018},
  timestamp = {Fri, 13 Jul 2018 14:58:25 +0200},
  biburl    = {https://dblp.org/rec/bib/conf/icml/WongK18},
  bibsource = {dblp computer science bibliography, https://dblp.org}
}


@inproceedings{DBLP:conf/icml/WengZCSHDBD18,
  author    = {Tsui{-}Wei Weng and
               Huan Zhang and
               Hongge Chen and
               Zhao Song and
               Cho{-}Jui Hsieh and
               Luca Daniel and
               Duane S. Boning and
               Inderjit S. Dhillon},
  title     = {Towards Fast Computation of Certified Robustness for ReLU Networks},
  booktitle = {Proceedings of the 35th International Conference on Machine Learning,
               {ICML} 2018, Stockholmsm{\"{a}}ssan, Stockholm, Sweden, July
               10-15, 2018},
  pages     = {5273--5282},
  year      = {2018},
  timestamp = {Fri, 13 Jul 2018 14:58:25 +0200},
  biburl    = {https://dblp.org/rec/bib/conf/icml/WengZCSHDBD18},
  bibsource = {dblp computer science bibliography, https://dblp.org}
}

@article{DBLP:journals/corr/abs-1803-06567,
  author    = {Krishnamurthy Dvijotham and
               Robert Stanforth and
               Sven Gowal and
               Timothy A. Mann and
               Pushmeet Kohli},
  title     = {A Dual Approach to Scalable Verification of Deep Networks},
  journal   = {CoRR},
  volume    = {abs/1803.06567},
  year      = {2018},
  url       = {http://arxiv.org/abs/1803.06567},
  archivePrefix = {arXiv},
  eprint    = {1803.06567},
  timestamp = {Mon, 13 Aug 2018 16:46:31 +0200},
  biburl    = {https://dblp.org/rec/bib/journals/corr/abs-1803-06567},
  bibsource = {dblp computer science bibliography, https://dblp.org}
}

@inproceedings{deepsymbol,
  author    = {Jianlin Li and
               Jiangchao Liu and
               Pengfei Yang and
               Liqian Chen and
               Xiaowei Huang and
               Lijun Zhang},
  editor    = {Bor{-}Yuh Evan Chang},
  title     = {Analyzing Deep Neural Networks with Symbolic Propagation: Towards
               Higher Precision and Faster Verification},
  booktitle = {Static Analysis - 26th International Symposium, {SAS} 2019, Porto,
               Portugal, October 8-11, 2019, Proceedings},
  series    = {Lecture Notes in Computer Science},
  volume    = {11822},
  pages     = {296--319},
  publisher = {Springer},
  year      = {2019},
  timestamp = {Thu, 05 Mar 2020 09:52:04 +0100}
}

@article{deeppoly,
  author    = {Gagandeep Singh and
               Timon Gehr and
               Markus P{\"{u}}schel and
               Martin T. Vechev},
  title     = {An abstract domain for certifying neural networks},
  journal   = {{PACMPL}},
  volume    = {3},
  number    = {{POPL}},
  pages     = {41:1--41:30},
  year      = {2019},
  timestamp = {Tue, 22 Jan 2019 15:27:56 +0100},
  biburl    = {https://dblp.org/rec/bib/journals/pacmpl/SinghGPV19},
  bibsource = {dblp computer science bibliography, https://dblp.org}
}

@inproceedings{deepz,
  author    = {Gagandeep Singh and
               Timon Gehr and
               Matthew Mirman and
               Markus P{\"{u}}schel and
               Martin T. Vechev},
  title     = {Fast and Effective Robustness Certification},
  booktitle = {Advances in Neural Information Processing Systems 31: Annual Conference
               on Neural Information Processing Systems 2018, NeurIPS 2018, 3-8 December
               2018, Montr{\'{e}}al, Canada.},
  pages     = {10825--10836},
  year      = {2018},
  timestamp = {Sun, 16 Dec 2018 17:30:05 +0100},
  biburl    = {https://dblp.org/rec/bib/conf/nips/SinghGMPV18},
  bibsource = {dblp computer science bibliography, https://dblp.org}
}

@inproceedings{charon,
  author    = {Greg Anderson and
               Shankara Pailoor and
               Isil Dillig and
               Swarat Chaudhuri},
  editor    = {Kathryn S. McKinley and
               Kathleen Fisher},
  title     = {Optimization and abstraction: a synergistic approach for analyzing
               neural network robustness},
  booktitle = {Proceedings of the 40th {ACM} {SIGPLAN} Conference on Programming
               Language Design and Implementation, {PLDI} 2019, Phoenix, AZ, USA,
               June 22-26, 2019},
  pages     = {731--744},
  publisher = {{ACM}},
  year      = {2019},
  timestamp = {Sun, 09 Jun 2019 19:00:05 +0200},
  biburl    = {https://dblp.org/rec/conf/pldi/AndersonPDC19.bib},
  bibsource = {dblp computer science bibliography, https://dblp.org}
}

@inproceedings{krelu,
  author    = {Gagandeep Singh and
               Rupanshu Ganvir and
               Markus P{\"{u}}schel and
               Martin T. Vechev},
  editor    = {Hanna M. Wallach and
               Hugo Larochelle and
               Alina Beygelzimer and
               Florence d'Alch{\'{e}}{-}Buc and
               Emily B. Fox and
               Roman Garnett},
  title     = {Beyond the Single Neuron Convex Barrier for Neural Network Certification},
  booktitle = {Advances in Neural Information Processing Systems 32: Annual Conference
               on Neural Information Processing Systems 2019, NeurIPS 2019, 8-14
               December 2019, Vancouver, BC, Canada},
  pages     = {15072--15083},
  year      = {2019},
  timestamp = {Thu, 03 Sep 2020 16:02:23 +0200},
  biburl    = {https://dblp.org/rec/conf/nips/SinghGPV19.bib},
  bibsource = {dblp computer science bibliography, https://dblp.org}
}

@article{deeppolygpu,
  author    = {Christoph M{\"{u}}ller and
               Gagandeep Singh and
               Markus P{\"{u}}schel and
               Martin T. Vechev},
  title     = {Neural Network Robustness Verification on GPUs},
  journal   = {CoRR},
  volume    = {abs/2007.10868},
  year      = {2020},
  url       = {https://arxiv.org/abs/2007.10868},
  archivePrefix = {arXiv},
  eprint    = {2007.10868},
  timestamp = {Thu, 03 Sep 2020 16:02:24 +0200},
  biburl    = {https://dblp.org/rec/journals/corr/abs-2007-10868.bib},
  bibsource = {dblp computer science bibliography, https://dblp.org}
}

@article{DBLP:journals/access/LiXCH19,
  author    = {Yi Li and
               Kaiqi Xiong and
               Tommy Chin and
               Chengbin Hu},
  title     = {A Machine Learning Framework for Domain Generation Algorithm-Based
               Malware Detection},
  journal   = {{IEEE} Access},
  volume    = {7},
  pages     = {32765--32782},
  year      = {2019},
  timestamp = {Tue, 02 Apr 2019 16:58:05 +0200},
  biburl    = {https://dblp.org/rec/bib/journals/access/LiXCH19},
  bibsource = {dblp computer science bibliography, https://dblp.org}
}

@article{detection1,
  author    = {Jingyi Wang and
               Jun Sun and
               Peixin Zhang and
               Xinyu Wang},
  title     = {Detecting Adversarial Samples for Deep Neural Networks through Mutation
               Testing},
  journal   = {CoRR},
  volume    = {abs/1805.05010},
  year      = {2018},
  url       = {http://arxiv.org/abs/1805.05010},
  archivePrefix = {arXiv},
  eprint    = {1805.05010},
  timestamp = {Fri, 21 Sep 2018 12:57:29 +0200},
  biburl    = {https://dblp.org/rec/bib/journals/corr/abs-1805-05010},
  bibsource = {dblp computer science bibliography, https://dblp.org}
}

@inproceedings{detection2,
  title={Adversarial sample detection for deep neural network through model mutation testing},
  author={Wang, Jingyi and Dong, Guoliang and Sun, Jun and Wang, Xinyu and Zhang, Peixin},
  booktitle={2019 IEEE/ACM 41st International Conference on Software Engineering (ICSE)},
  pages={1245--1256},
  year={2019},
  organization={IEEE}
}


@article{DBLP:journals/corr/abs-1902-05983,
  author    = {Ravi Mangal and
               Aditya V. Nori and
               Alessandro Orso},
  title     = {Robustness of Neural Networks: {A} Probabilistic and Practical Approach},
  journal   = {CoRR},
  volume    = {abs/1902.05983},
  year      = {2019},
  url       = {http://arxiv.org/abs/1902.05983},
  archivePrefix = {arXiv},
  eprint    = {1902.05983},
  timestamp = {Sat, 02 Mar 2019 16:35:39 +0100},
  biburl    = {https://dblp.org/rec/bib/journals/corr/abs-1902-05983},
  bibsource = {dblp computer science bibliography, https://dblp.org}
}

@article{diamond2016cvxpy,
  author  = {Steven Diamond and Stephen Boyd},
  title   = {{CVXPY}: {A} {P}ython-embedded modeling language for convex optimization},
  journal = {Journal of Machine Learning Research},
  year    = {2016},
  volume  = {17},
  number  = {83},
  pages   = {1--5},
}



@inproceedings{statistical19,
  author    = {Stefan Webb and
               Tom Rainforth and
               Yee Whye Teh and
               M. Pawan Kumar},
  title     = {A Statistical Approach to Assessing Neural Network Robustness},
  booktitle = {7th International Conference on Learning Representations, {ICLR} 2019,
               New Orleans, LA, USA, May 6-9, 2019},
  publisher = {OpenReview.net},
  year      = {2019},
  timestamp = {Thu, 25 Jul 2019 14:26:01 +0200},
  biburl    = {https://dblp.org/rec/conf/iclr/WebbRTK19.bib},
  bibsource = {dblp computer science bibliography, https://dblp.org}
}

@inproceedings{quanticcs19,
  author    = {Teodora Baluta and
               Shiqi Shen and
               Shweta Shinde and
               Kuldeep S. Meel and
               Prateek Saxena},
  editor    = {Lorenzo Cavallaro and
               Johannes Kinder and
               XiaoFeng Wang and
               Jonathan Katz},
  title     = {Quantitative Verification of Neural Networks and Its Security Applications},
  booktitle = {Proceedings of the 2019 {ACM} {SIGSAC} Conference on Computer and
               Communications Security, {CCS} 2019, London, UK, November 11-15, 2019},
  pages     = {1249--1264},
  publisher = {{ACM}},
  year      = {2019},
  timestamp = {Fri, 06 Mar 2020 13:19:56 +0100},
  biburl    = {https://dblp.org/rec/conf/ccs/BalutaSSMS19.bib},
  bibsource = {dblp computer science bibliography, https://dblp.org}
}

@article{DBLP:journals/corr/abs-2002-06864,
  author    = {Teodora Baluta and
               Zheng Leong Chua and
               Kuldeep S. Meel and
               Prateek Saxena},
  title     = {Scalable Quantitative Verification For Deep Neural Networks},
  journal   = {CoRR},
  volume    = {abs/2002.06864},
  year      = {2020},
  url       = {https://arxiv.org/abs/2002.06864},
  archivePrefix = {arXiv},
  eprint    = {2002.06864},
  timestamp = {Mon, 02 Mar 2020 16:46:06 +0100},
  biburl    = {https://dblp.org/rec/journals/corr/abs-2002-06864.bib},
  bibsource = {dblp computer science bibliography, https://dblp.org}
}

@article{extended,
  author    = {Pengfei Yang and
               Renjue Li and
               Jianlin Li and
               Chengchao Huang and
               Jingyi Wang and
               Jun Sun and
               Bai Xue and
               Lijun Zhang},
  title     = {Improving Neural Network Verification through Spurious Region Guided Refinement},
  journal   = {CoRR},
  volume    = {abs/2010.07722},
  year      = {2020},
  url       = {https://arxiv.org/abs/2010.07722},
  archivePrefix = {arXiv},
  eprint    = {2010.07722}
}

@inproceedings{DBLP:conf/icml/WengCNSBOD19,
  author    = {Lily Weng and
               Pin{-}Yu Chen and
               Lam M. Nguyen and
               Mark S. Squillante and
               Akhilan Boopathy and
               Ivan V. Oseledets and
               Luca Daniel},
  editor    = {Kamalika Chaudhuri and
               Ruslan Salakhutdinov},
  title     = {{PROVEN:} Verifying Robustness of Neural Networks with a Probabilistic
               Approach},
  booktitle = {Proceedings of the 36th International Conference on Machine Learning,
               {ICML} 2019, 9-15 June 2019, Long Beach, California, {USA}},
  series    = {Proceedings of Machine Learning Research},
  volume    = {97},
  pages     = {6727--6736},
  publisher = {{PMLR}},
  year      = {2019},
  timestamp = {Tue, 11 Jun 2019 15:37:38 +0200},
  biburl    = {https://dblp.org/rec/conf/icml/WengCNSBOD19.bib},
  bibsource = {dblp computer science bibliography, https://dblp.org}
}


@inproceedings{ghorbal2009zonotope,
  title={The zonotope abstract domain taylor1+},
  author={Ghorbal, Khalil and Goubault, Eric and Putot, Sylvie},
  booktitle={International Conference on Computer Aided Verification},
  pages={627--633},
  year={2009},
  organization={Springer}
}

@inproceedings{zonotope10,
  author    = {Khalil Ghorbal and
               Eric Goubault and
               Sylvie Putot},
  editor    = {Tayssir Touili and
               Byron Cook and
               Paul B. Jackson},
  title     = {A Logical Product Approach to Zonotope Intersection},
  booktitle = {Computer Aided Verification, 22nd International Conference, {CAV}
               2010, Edinburgh, UK, July 15-19, 2010. Proceedings},
  series    = {Lecture Notes in Computer Science},
  volume    = {6174},
  pages     = {212--226},
  publisher = {Springer},
  year      = {2010},
  timestamp = {Tue, 14 May 2019 10:00:43 +0200},
  biburl    = {https://dblp.org/rec/conf/cav/GhorbalGP10.bib},
  bibsource = {dblp computer science bibliography, https://dblp.org}
}

@inproceedings{fastpolyhedra17,
  author    = {Gagandeep Singh and
               Markus P{\"{u}}schel and
               Martin T. Vechev},
  editor    = {Giuseppe Castagna and
               Andrew D. Gordon},
  title     = {Fast polyhedra abstract domain},
  booktitle = {Proceedings of the 44th {ACM} {SIGPLAN} Symposium on Principles of
               Programming Languages, {POPL} 2017, Paris, France, January 18-20,
               2017},
  pages     = {46--59},
  publisher = {{ACM}},
  year      = {2017},
  timestamp = {Thu, 03 Sep 2020 16:02:24 +0200},
  biburl    = {https://dblp.org/rec/conf/popl/SinghPV17.bib},
  bibsource = {dblp computer science bibliography, https://dblp.org}
}

@article{DBLP:journals/jmlr/BunelLTTKK20,
  author    = {Rudy Bunel and
               Jingyue Lu and
               Ilker Turkaslan and
               Philip H. S. Torr and
               Pushmeet Kohli and
               M. Pawan Kumar},
  title     = {Branch and Bound for Piecewise Linear Neural Network Verification},
  journal   = {J. Mach. Learn. Res.},
  volume    = {21},
  pages     = {42:1--42:39},
  year      = {2020},
  timestamp = {Thu, 18 Jun 2020 22:13:25 +0200},
  biburl    = {https://dblp.org/rec/journals/jmlr/BunelLTTKK20.bib},
  bibsource = {dblp computer science bibliography, https://dblp.org}
}

@software{CBC,
  author       = {johnjforrest and
                  Stefan Vigerske and
                  Haroldo Gambini Santos and
                  Ted Ralphs and
                  Lou Hafer and
                  Bjarni Kristjansson and
                  jpfasano and
                  EdwinStraver and
                  Miles Lubin and
                  rlougee and
                  jpgoncal1 and
                  h-i-gassmann and
                  Matthew Saltzman},
  title        = {coin-or/Cbc: Version 2.10.5},
  month        = mar,
  year         = 2020,
  publisher    = {Zenodo},
  version      = {releases/2.10.5},
}

@article{kleene,
  author    = {Andrei Baranga},
  title     = {The contraction principle as a particular case of Kleene's fixed point
               theorem},
  journal   = {Discret. Math.},
  volume    = {98},
  number    = {1},
  pages     = {75--79},
  year      = {1991},
  timestamp = {Sat, 22 Feb 2020 13:54:44 +0100},
  biburl    = {https://dblp.org/rec/journals/dm/Baranga91.bib},
  bibsource = {dblp computer science bibliography, https://dblp.org}
}

@inproceedings{DBLP:conf/cvpr/LinYCZLLH19,
  author    = {Wang Lin and
               Zhengfeng Yang and
               Xin Chen and
               Qingye Zhao and
               Xiangkun Li and
               Zhiming Liu and
               Jifeng He},
  title     = {Robustness Verification of Classification Deep Neural Networks via
               Linear Programming},
  booktitle = {{IEEE} Conference on Computer Vision and Pattern Recognition, {CVPR}
               2019, Long Beach, CA, USA, June 16-20, 2019},
  pages     = {11418--11427},
  publisher = {Computer Vision Foundation / {IEEE}},
  year      = {2019},
  timestamp = {Thu, 27 Aug 2020 07:31:34 +0200},
  biburl    = {https://dblp.org/rec/conf/cvpr/LinYCZLLH19.bib},
  bibsource = {dblp computer science bibliography, https://dblp.org}
}

@inproceedings{prodeep,
  author    = {Renjue Li and
               Jianlin Li and
               Cheng{-}Chao Huang and
               Pengfei Yang and
               Xiaowei Huang and
               Lijun Zhang and
               Bai Xue and
               Holger Hermanns},
  editor    = {Prem Devanbu and
               Myra B. Cohen and
               Thomas Zimmermann},
  title     = {PRODeep: a platform for robustness verification of deep neural networks},
  booktitle = {{ESEC/FSE} '20: 28th {ACM} Joint European Software Engineering Conference
               and Symposium on the Foundations of Software Engineering, Virtual
               Event, USA, November 8-13, 2020},
  pages     = {1630--1634},
  publisher = {{ACM}},
  year      = {2020},
  timestamp = {Tue, 10 Nov 2020 10:58:23 +0100},
  biburl    = {https://dblp.org/rec/conf/sigsoft/LiLHY0ZXH20.bib},
  bibsource = {dblp computer science bibliography, https://dblp.org}
}